@inproceedings{Chen:2016:XST:2939672.2939785,
 author = {Chen, Tianqi and Guestrin, Carlos},
 title = {XGBoost: A Scalable Tree Boosting System},
 booktitle = {Proceedings of the 22Nd ACM SIGKDD International Conference on Knowledge Discovery and Data Mining},
 series = {KDD '16},
 year = {2016},
 isbn = {978-1-4503-4232-2},
 location = {San Francisco, California, USA},
 pages = {785--794},
 numpages = {10},
 doi = {10.1145/2939672.2939785},
 acmid = {2939785},
 publisher = {ACM},
 address = {New York, NY, USA},
 keywords = {large-scale machine learning},
} 
@article{articleWuEtAl,
author = {Wu, Jianxin and Charles Brubaker, S and D Mullin, Matthew and Rehg, James},
year = {2008},
month = {04},
pages = {369-82},
title = {Fast Asymmetric Learning for Cascade Face Detection},
volume = {30},
booktitle = {IEEE transactions on pattern analysis and machine intelligence}
}
@article{Lewis:2004:RNB:1005332.1005345,
 author = {Lewis, David D. and Yang, Yiming and Rose, Tony G. and Li, Fan},
 title = {RCV1: A New Benchmark Collection for Text Categorization Research},
 journal = {J. Mach. Learn. Res.},
 issue_date = {12/1/2004},
 volume = {5},
 month = dec,
 year = {2004},
 issn = {1532-4435},
 pages = {361--397},
 numpages = {37},
 acmid = {1005345},
 publisher = {JMLR.org},
} 
@ARTICLE{991427, 
author={Chih-Wei Hsu and Chih-Jen Lin}, 
journal={IEEE Transactions on Neural Networks}, 
title={A comparison of methods for multiclass support vector machines}, 
year={2002}, 
volume={13}, 
number={2}, 
pages={415-425}, 
doi={10.1109/72.991427}, 
ISSN={1045-9227}, 
month={Mar},}

@ARTICLE{726791, 
author={Y. Lecun and L. Bottou and Y. Bengio and P. Haffner}, 
journal={Proceedings of the IEEE}, 
title={Gradient-based learning applied to document recognition}, 
year={1998}, 
volume={86}, 
number={11}, 
pages={2278-2324},  
doi={10.1109/5.726791}, 
ISSN={0018-9219}, 
month={Nov},
}
@incollection{Platt:1999:FTS:299094.299105,
 author = {Platt, John C.},
 chapter = {Fast Training of Support Vector Machines Using Sequential Minimal Optimization},
 title = {Advances in Kernel Methods},
 editor = {Sch\"{o}lkopf, Bernhard and Burges, Christopher J. C. and Smola, Alexander J.},
 year = {1999},
 isbn = {0-262-19416-3},
 pages = {185--208},
 numpages = {24},
 acmid = {299105},
 publisher = {MIT Press},
 address = {Cambridge, MA, USA},
 }
@article{Freund:1995:BWL:220262.220446,
 author = {Freund, Yoav},
 title = {Boosting a Weak Learning Algorithm by Majority},
 journal = {Inf. Comput.},
 issue_date = {Sept. 1995},
 volume = {121},
 number = {2},
 month = sep,
 year = {1995},
 issn = {0890-5401},
 pages = {256--285},
 numpages = {30},
 doi = {10.1006/inco.1995.1136},
 acmid = {220446},
 publisher = {Academic Press, Inc.},
 address = {Duluth, MN, USA},
}
@inproceedings{Freund:1996:ENB:3091696.3091715,
 author = {Freund, Yoav and Schapire, Robert E.},
 title = {Experiments with a New Boosting Algorithm},
 booktitle = {Proceedings of the Thirteenth International Conference on International Conference on Machine Learning},
 series = {ICML'96},
 year = {1996},
 isbn = {1-55860-419-7},
 location = {Bari, Italy},
 pages = {148--156},
 numpages = {9},
  acmid = {3091715},
 publisher = {Morgan Kaufmann Publishers Inc.},
 address = {San Francisco, CA, USA},
} 
@inproceedings{Quinlan:1996:BBC:1892875.1892983,
 author = {Quinlan, J. R.},
 title = {Bagging, Boosting, and C4.S},
 booktitle = {Proceedings of the Thirteenth National Conference on Artificial Intelligence - Volume 1},
 series = {AAAI'96},
 year = {1996},
 isbn = {0-262-51091-X},
 location = {Portland, Oregon},
 pages = {725--730},
 numpages = {6},
 acmid = {1892983},
 publisher = {AAAI Press},
} 

@inproceedings{implementing-decision-trees-and-forests-on-a-gpu,
author = {Sharp, Toby},
title = {Implementing Decision Trees and Forests on a GPU},
booktitle = {ECCV (4)},
year = {2008},
month = {January},
publisher = {Springer},
address = {},
pages = {595-608},
journal = {},
volume = {5305},
chapter = {},
isbn = {978-3-540-88692-1},
}

@book{Quinlan:1993:CPM:152181,
 author = {Quinlan, J. Ross},
 title = {C4.5: Programs for Machine Learning},
 year = {1993},
 isbn = {1-55860-238-0},
 publisher = {Morgan Kaufmann Publishers Inc.},
 address = {San Francisco, CA, USA},
} 

@incollection{NIPS2007_3321,
title = {FilterBoost: Regression and Classification on Large Datasets},
author = {Bradley, Joseph K and Schapire, 
 E},
booktitle = {Advances in Neural Information Processing Systems 20},
editor = {J. C. Platt and D. Koller and Y. Singer and S. T. Roweis},
pages = {185--192},
year = {2008},
publisher = {Curran Associates, Inc.},
}

@ARTICLE{Friedman98additivelogistic,
    author = {Jerome Friedman and Trevor Hastie and Robert Tibshirani},
    title = {Additive Logistic Regression: a Statistical View of Boosting},
    journal = {Annals of Statistics},
    year = {1998},
    volume = {28},
    pages = {2000}
}

@inproceedings{FriedmanStochasticGB,
  title={Stochastic Gradient Boosting},
  author={J. H. Friedman},
  year={2002},
  booktitle = {In Computational Statistics \& Data Analysis, 2002.}
}

@unknown{PaulBiswajitAthithanEtAl,
author = {Paul, Biswajit and Athithan, G and Murty, M},
year = {2009},
month = {03},
pages = {251 - 254},
title = {Speeding up AdaBoost Classifier with Random Projection},
booktitle = {Proceedings of the 7th International Conference on Advances in Pattern Recognition, ICAPR 2009}
}

@conference {4270071,
	title = {Feature Mining for Image Classification},
	booktitle = { IEEE Conference on Computer Vision and Pattern Recognition (CVPR {\textquoteright}07)},
	year = {2007},
	month = {June},
	pages = {1-8},
	keywords = {computer vision, data mining, feature extraction, feature mining, image analysis, image classification, learning (artificial intelligence)computer vision, machine learning, pedestrian classification},
	doi = {10.1109/CVPR.2007.383046},
	author = {Dollar, P. and Zhuowen Tu and Tao, H. and Belongie, S.}
}

@article{DBLP:journals/corr/abs-1209-1380,
  author    = {Matthew Malloy and
               Gongguo Tang and
               Robert D. Nowak},
  title     = {The Sample Complexity of Search over Multiple Populations},
  journal   = {CoRR},
  volume    = {abs/1209.1380},
  year      = {2012},
  timestamp = {Wed, 10 Oct 2012 21:28:55 +0200},
  bibsource = {dblp computer science bibliography, http://dblp.org}
}
@article{Dubout:2014:ASL:2627435.2638580,
 author = {Dubout, Charles and Fleuret, Fran\c{c}ois},
 title = {Adaptive Sampling for Large Scale Boosting},
 journal = {J. Mach. Learn. Res.},
 issue_date = {January 2014},
 volume = {15},
 number = {1},
 month = jan,
 year = {2014},
 issn = {1532-4435},
 pages = {1431--1453},
 numpages = {23},
 acmid = {2638580},
 publisher = {JMLR.org},
 keywords = {boosting, feature selection, large scale learning},
}
@inproceedings{icml2013_appel13, 
    Author = {Ron Appel and Thomas Fuchs and Piotr Dollar and Pietro Perona}, 
    Booktitle = {Proceedings of the 30th International Conference on Machine Learning (ICML)}, 
    Title = {Quickly Boosting Decision Trees -- Pruning Underachieving Features Early}, 
    Year = {2013}, 
   }
   
@article{berry1997,
author = "Berry, Donald A. and Chen, Robert W. and Zame, Alan and Heath, David C. and Shepp, Larry A.",
doi = "10.1214/aos/1069362389",
fjournal = "The Annals of Statistics",
journal = "Ann. Statist.",
month = "10",
number = "5",
pages = "2103--2116",
publisher = "The Institute of Mathematical Statistics",
title = "Bandit problems with infinitely many arms",
volume = "25",
year = "1997"
}

@article{DBLP:journals/corr/abs-1202-3639,
  author    = {Karthekeyan Chandrasekaran and
               Richard M. Karp},
  title     = {Finding the most biased coin with fewest flips},
  journal   = {CoRR},
  volume    = {abs/1202.3639},
  year      = {2012},
  timestamp = {Mon, 20 May 2013 16:58:44 +0200},
  bibsource = {dblp computer science bibliography, http://dblp.org}
}

@inproceedings{busafekete:in2p3-00614564,
  TITLE = {{Fast boosting using adversarial bandits}},
  AUTHOR = {Busa-Fekete, R. and K{\'e}gl, B.},
  NOTE = {http://www.machinelearning.org},
  BOOKTITLE = {{Proceedings of the 27th International Conference on Machine Learning (ICML)}},
  YEAR = {2010},
  PDF = {http://hal.in2p3.fr/in2p3-00614564/file/Busa-Fekete.pdf},
  HAL_ID = {in2p3-00614564},
  HAL_VERSION = {v1},
}

@article{DBLP:journals/corr/abs-1111-1797,
  author    = {Shipra Agrawal and
               Navin Goyal},
  title     = {Analysis of Thompson Sampling for the multi-armed bandit problem},
  journal   = {CoRR},
  volume    = {abs/1111.1797},
  year      = {2011},
  timestamp = {Mon, 05 Dec 2011 18:05:11 +0100},
  bibsource = {dblp computer science bibliography, http://dblp.org}
}
@incollection{NIPS2008_3452,
title = {Algorithms for Infinitely Many-Armed Bandits},
author = {Yizao Wang and Jean-yves Audibert and R\'{e}mi Munos},
booktitle = {Advances in Neural Information Processing Systems (NIPS)},
year = {2009},
}

@article{10.1109/CISS.2014.6814096,
  author    = {Jamieson, K. and 
              Nowak, R},
  title     = {Best-arm identification algorithms for multi-armed bandits in the fixed confidence setting},
  journal   = {Information Sciences and Systems (CISS)},
  year      = {2014},
  pages     = {1-6},
  publisher = {IEEE}
  
}

@incollection{NIPS2012_4640,
title = {Best Arm Identification: A Unified Approach to Fixed Budget and Fixed Confidence},
author = {Gabillon, Victor and Ghavamzadeh, Mohammad and Lazaric, Alessandro},
booktitle = {Advances in Neural Information Processing Systems (NIPS)},
year = {2012},
}

@inproceedings{icml2013_karnin13, 
    Author = {Zohar Karnin and Tomer Koren and Oren Somekh}, 
    Booktitle = {Proceedings of the 30th International Conference on Machine Learning (ICML-13)}, 
    Title = {Almost Optimal Exploration in Multi-Armed Bandits}, 
    Year = {2013}, 
}
 

@incollection{NIPS2013_5109,
title = {Two-Target Algorithms  for Infinite-Armed   Bandits with Bernoulli Rewards},
author = {Bonald, Thomas and Prouti\`ere, Alexandre},
booktitle = {Advances in Neural Information Processing Systems (NIPS)},
year = {2013},
}

@article{10.1007/978-3-662-44848-9_20,
  author    = {Yahel David and Nahum Shimkin},
  title     = {Infinitely Many-Armed Bandits with Unknown Value Distribution},
  journal   = {European Conference, ECML PKDD},
  year      = {2014},
  pages     = {307-322},
  publisher = {Springer Berlin Heidelberg}
  
}
@article{arXiv:1502.00133,
  author    = {Kevin Jamieson, Sumeet Katariya, Atul Deshpande and Robert Nowak},
  title     = {Sparse Dueling Bandits},
  journal   = {AISTATS},
  year      = {2015},
  publisher = {MathPubs}
  
}

@ARTICLE{Mannor04thesample,
    author = {Shie Mannor and John N. Tsitsiklis and Kristin Bennett and Nicolò Cesa-bianchi},
    title = {The Sample Complexity of Exploration in the Multi-Armed Bandit Problem},
    journal = {Journal of Machine Learning Research},
    year = {2004},
    volume = {5},
    pages = {2004}
}


@ARTICLE{2014arXiv1407.4443K,
   author = {{Kaufmann}, E. and {Capp{\'e}}, O. and {Garivier}, A.},
    title = "{On the Complexity of Best Arm Identification in Multi-Armed Bandit Models}",
  journal = {ArXiv e-prints},
archivePrefix = "arXiv",
   eprint = {1407.4443},
 primaryClass = "stat.ML",
 keywords = {Statistics - Machine Learning, Computer Science - Learning},
     year = 2014,
    month = jul,
  adsnote = {Provided by the SAO/NASA Astrophysics Data System}
}

@misc{kauf_email,
  author = "Emilie Kaufmann",
  year = 2015,
  month = dec,
  howpublished = "Personal communication"
}

@INPROCEEDINGS{Schapire90thestrength,
    author = {Robert E. Schapire},
    title = {The Strength of Weak Learnability},
    booktitle = {Machine Learning},
    year = {1990}
}

@incollection{NIPS2015_6027,
title = {On Top-k Selection in Multi-Armed Bandits and Hidden Bipartite Graphs},
author = {Cao, Wei and Li, Jian and Tao, Yufei and Li, Zhize},
booktitle = {Advances in Neural Information Processing Systems 28},
editor = {C. Cortes and N.D. Lawrence and D.D. Lee and M. Sugiyama and R. Garnett and R. Garnett},
pages = {1036--1044},
year = {2015},
publisher = {Curran Associates, Inc.},
}

@inproceedings{DBLP:conf/nips/ChenLKLC14,
  author    = {Shouyuan Chen and
               Tian Lin and
               Irwin King and
               Michael R. Lyu and
               Wei Chen},
  title     = {Combinatorial Pure Exploration of Multi-Armed Bandits},
  booktitle = {Advances in Neural Information Processing Systems 27: Annual Conference
               on Neural Information Processing Systems 2014, December 8-13 2014,
               Montreal, Quebec, Canada},
  pages     = {379--387},
  year      = {2014},
  timestamp = {Wed, 10 Dec 2014 21:34:12 +0100},
  bibsource = {dblp computer science bibliography, http://dblp.org}
}

@inproceedings{DBLP:conf/icml/KalyanakrishnanTAS12,
  author    = {Shivaram Kalyanakrishnan and
               Ambuj Tewari and
               Peter Auer and
               Peter Stone},
  title     = {{PAC} Subset Selection in Stochastic Multi-armed Bandits},
  booktitle = {Proceedings of the 29th International Conference on Machine Learning,
              (ICML)},
  year      = {2012},
}

@ARTICLE{2013arXiv1302.1611B,
   author = {{Bubeck}, S. and {Perchet}, V. and {Rigollet}, P.},
    title = "{Bounded regret in stochastic multi-armed bandits}",
  journal = {ArXiv e-prints},
archivePrefix = "arXiv",
   eprint = {1302.1611},
 primaryClass = "math.ST",
 keywords = {Mathematics - Statistics Theory, Computer Science - Learning, Statistics - Machine Learning, 62L05},
     year = 2013,
    month = feb,
  adsnote = {Provided by the SAO/NASA Astrophysics Data System}
}

@inproceedings{DBLP:conf/colt/AudibertBM10,
  author    = {Jean{-}Yves Audibert and
               S{\'{e}}bastien Bubeck and
               R{\'{e}}mi Munos},
  title     = {Best Arm Identification in Multi-Armed Bandits},
  booktitle = {{COLT} 2010 - The 23rd Conference on Learning Theory, Haifa, Israel,
               June 27-29, 2010},
  pages     = {41--53},
  year      = {2010},
  timestamp = {Tue, 19 Feb 2013 17:09:31 +0100},
  bibsource = {dblp computer science bibliography, http://dblp.org}
}

@inproceedings{DBLP:conf/colt/KaufmannK13,
  author    = {Emilie Kaufmann and
               Shivaram Kalyanakrishnan},
  title     = {Information Complexity in Bandit Subset Selection},
  booktitle = {{COLT} 2013 - The 26th Annual Conference on Learning Theory, June
               12-14, 2013, Princeton University, NJ, {USA}},
  pages     = {228--251},
  year      = {2013},
  timestamp = {Thu, 11 Sep 2014 07:28:56 +0200},
  bibsource = {dblp computer science bibliography, http://dblp.org}
}

@article{Even-Dar:2006:AES:1248547.1248586,
 author = {Even-Dar, Eyal and Mannor, Shie and Mansour, Yishay},
 title = {Action Elimination and Stopping Conditions for the Multi-Armed Bandit and Reinforcement Learning Problems},
 journal = {J. Mach. Learn. Res.},
 issue_date = {12/1/2006},
 volume = {7},
 month = dec,
 year = {2006},
 issn = {1532-4435},
 pages = {1079--1105},
 numpages = {27},
 acmid = {1248586},
 publisher = {JMLR.org},
}

@inproceedings{DBLP:conf/icml/KalyanakrishnanS10,
  author    = {Shivaram Kalyanakrishnan and
               Peter Stone},
  title     = {Efficient Selection of Multiple Bandit Arms: Theory and Practice},
  booktitle = {Proceedings of the 27th International Conference on Machine Learning
               (ICML-10), June 21-24, 2010, Haifa, Israel},
  pages     = {511--518},
  year      = {2010},
  timestamp = {Fri, 12 Jun 2015 19:15:11 +0200},
  bibsource = {dblp computer science bibliography, http://dblp.org}
}

@article{10.2307/2332286,
 author = {William R. Thompson},
 journal = {Biometrika},
 number = {3/4},
 pages = {285-294},
 publisher = {[Oxford University Press, Biometrika Trust]},
 title = {On the Likelihood that One Unknown Probability Exceeds Another in View of the Evidence of Two Samples},
 volume = {25},
 year = {1933}
}

@article{Lai19854,
title = "Asymptotically efficient adaptive allocation rules ",
journal = "Advances in Applied Mathematics ",
volume = "6",
number = "1",
pages = "4 - 22",
year = "1985",
note = "",
issn = "0196-8858",
doi = "http://dx.doi.org/10.1016/0196-8858(85)90002-8",
author = "T.L Lai and Herbert Robbins"
}

@article{Burnetas1996122,
title = "Optimal Adaptive Policies for Sequential Allocation Problems ",
journal = "Advances in Applied Mathematics ",
volume = "17",
number = "2",
pages = "122 - 142",
year = "1996",
note = "",
issn = "0196-8858",
doi = "http://dx.doi.org/10.1006/aama.1996.0007",
author = "Apostolos N. Burnetas and Michael N. Katehakis"
}

@book{WaldsLemma,
title  = {Sequential Analysis},
author = {David Siegmund},
year = {1985},
}

@book{Cover:1991:EIT:129837,
 author = {Cover, Thomas M. and Thomas, Joy A.},
 title = {Elements of Information Theory},
 year = {1991},
 isbn = {0-471-06259-6},
 publisher = {Wiley-Interscience},
 address = {New York, NY, USA},
} 

@article{DBLP:journals/corr/CarpentierV15,
  author    = {Alexandra Carpentier and
               Michal Valko},
  title     = {Simple regret for infinitely many armed bandits},
  journal   = {CoRR},
  volume    = {abs/1505.04627},
  year      = {2015},
  timestamp = {Mon, 01 Jun 2015 14:13:54 +0200},
  bibsource = {dblp computer science bibliography, http://dblp.org}
}

@inproceedings{Escudero:2001:ULW:2387364.2387381,
 author = {Escudero, G. and M\`{a}rquez, L. and Rigau, G.},
 title = {Using LazyBoosting for Word Sense Disambiguation},
 booktitle = {The Proceedings of the Second International Workshop on Evaluating Word Sense Disambiguation Systems},
 year = {2001},
 
} 

@article{csiszar1984,
author = "Csiszar, Imre",
doi = "10.1214/aop/1176993227",
fjournal = "The Annals of Probability",
journal = "Ann. Probab.",
month = "08",
number = "3",
pages = "768--793",
publisher = "The Institute of Mathematical Statistics",
title = "Sanov Property, Generalized $I$-Projection and a Conditional Limit Theorem",
volume = "12",
year = "1984"
}

@article{Kaufmann:2016:CBI:2946645.2946646,
 author = {Kaufmann, Emilie and Capp{\'e}, Olivier and Garivier, Aur{\'e}lien},
 title = {On the Complexity of Best-arm Identification in Multi-armed Bandit Models},
 journal = {J. Mach. Learn. Res.},
 issue_date = {January 2016},
 volume = {17},
 number = {1},
 month = jan,
 year = {2016},
 issn = {1532-4435},
 pages = {1--42},
 numpages = {42},
 url = {http://dl.acm.org/citation.cfm?id=2946645.2946646},
 acmid = {2946646},
 publisher = {JMLR.org},
 keywords = {best-arm identification, information-theoretic divergences, multi-armed bandit, pure exploration, sequential testing},
}

@inproceedings{journals/jmlr/GarivierC11,
  added-at = {2013-11-25T00:00:00.000+0100},
  author = {Garivier, Aurélien and Cappé, Olivier},
  biburl = {http://www.bibsonomy.org/bibtex/2eaa70f360a064c34e95c79775fd5aaa8/dblp},
  booktitle = {COLT},
  crossref = {conf/colt/2011},
  editor = {Kakade, Sham M. and von Luxburg, Ulrike},
  ee = {http://www.jmlr.org/proceedings/papers/v19/garivier11a/garivier11a.pdf},
  interhash = {2f239ff7ecaa45d8963b3db2978c960e},
  intrahash = {eaa70f360a064c34e95c79775fd5aaa8},
  keywords = {dblp},
  pages = {359-376},
  publisher = {JMLR.org},
  series = {JMLR Proceedings},
  timestamp = {2015-06-19T12:47:52.000+0200},
  title = {The KL-UCB Algorithm for Bounded Stochastic Bandits and Beyond.},
  url = {http://dblp.uni-trier.de/db/journals/jmlr/jmlrp19.html#GarivierC11},
  volume = 19,
  year = 2011
}

@article{Lampret:2015:ADI:2828645.2828929,
 author = {Lampret, Vito},
 title = {Accurate Double Inequalities for Generalized Harmonic Numbers},
 journal = {Appl. Math. Comput.},
 issue_date = {August 2015},
 volume = {265},
 number = {C},
 month = aug,
 year = {2015},
 issn = {0096-3003},
 pages = {557--567},
 numpages = {11},
 url = {http://dx.doi.org/10.1016/j.amc.2015.04.128},
 doi = {10.1016/j.amc.2015.04.128},
 acmid = {2828929},
 publisher = {Elsevier Science Inc.},
 address = {New York, NY, USA},
 keywords = {11Y60, 33E20, 33F05, 40A25, 41A60, 65B10, 65B15, Approximation, Estimate, Euler-Maclaurin summation, Generalized harmonic number, Zeta-generalized-Euler-constant function, p-series},
}

@inproceedings{Jamieson:2016wd,
author = {Jamieson, Kevin and Haas, Daniel and Ben Recht},
title = {{The Power of Adaptivity in Identifying Statistical Alternatives}},
booktitle= {Advances on Neural Information Processing Systems (NIPS)},
year = {2016},
}

